@article{example,
  title={example},
  author={Maharjan, Sujit},
  journal={IOE, TU},
  volume={1},
  year={4}
}
